@article{arndt2009,
  title={O m{\'e}todo dos elementos finitos generalizados aplicado {\`a} an{\'a}lise de vibra{\c{c}}{\~o}es livres de estruturas reticuladas},
  author={Arndt, Marcos},
  year={2009}
}

@article{borges2007,
	title={A structural damage identification method based on genetic algorithm and vibrational data},
	author={Borges, Carlos CH and Barbosa, Helio JC and Lemonge, Afonso CC},
	journal={International journal for numerical methods in engineering},
	volume={69},
	number={13},
	pages={2663--2686},
	year={2007},
	publisher={Wiley Online Library}
}

@article{cury2011,
	title={A two-step technique for damage assessment using numerical and experimental vibration data},
	author={Cury, Alexandre A and Borges, Carlos CH and Barbosa, Fl{\'a}vio S},
	journal={Structural Health Monitoring},
	volume={10},
	number={4},
	pages={417--428},
	year={2011},
	publisher={SAGE Publications Sage UK: London, England}
}

@book{cottrell2009,
	title={Isogeometric analysis: toward integration of CAD and FEA},
	author={Cottrell, J Austin and Hughes, Thomas JR and Bazilevs, Yuri},
	year={2009},
	publisher={John Wiley \& Sons}
}

@article{doebling1996,
	title={Damage identification and health monitoring of structural and mechanical systems from changes in their vibration characteristics: a literature review},
	author={Doebling, Scott W and Farrar, Charles R and Prime, Michael B and Shevitz, Daniel W},
	year={1996},
	publisher={Los Alamos National Laboratory Report LA-13070-MS USA}
}

@article{forti2005,
	title={O m{\'e}todo de Galerkin descont{\'\i}nuo aplicado a problemas de convec{\c{c}}{\~a}o-difus{\~a}o},
	author={Forti, Tiago Luis Duarte and others},
	year={2005},
	publisher={[sn]}
}

@book{golub2012,
	title={Matrix computations},
	author={Golub, Gene H and Van Loan, Charles F},
	volume={3},
	year={2012},
	publisher={JHU Press}
}

@article{rauen2014,
	title={An{\'a}lise isogeom{\'e}trica aplicada aos problemas de vibra{\c{c}}{\~a}o livre na mec{\^a}nica das estruturas},
	author={Rauen, Mateus},
	year={2014}
}

@phdthesis{rytter1993,
	title={Vibrational based inspection of civil engineering structures},
	author={Rytter, Anders},
	year={1993},
	school={Dept. of Building Technology and Structural Engineering, Aalborg University}
}

@book{zienkiewicz1977,
	title={The finite element method},
	author={Zienkiewicz, Olgierd Cecil and Taylor, Robert Leroy and Zienkiewicz, Olgierd Cecil and Taylor, Robert Lee},
	volume={36},
	year={1977},
	publisher={McGraw-hill London}
}

@article{zhou2012,
	title={A geometric nonlinear rotation-free triangle and its application to drape simulation},
	author={Zhou, YX and Sze, KY},
	journal={International Journal for Numerical Methods in Engineering},
	volume={89},
	number={4},
	pages={509--536},
	year={2012},
	publisher={Wiley Online Library}
}

@article{zhou2013,
	title={A rotation-free beam element for beam and cable analyses},
	author={Zhou, YX and Sze, KY},
	journal={Finite Elements in Analysis and Design},
	volume={64},
	pages={79--89},
	year={2013},
	publisher={Elsevier},
}
